<collection xmlns="http://www.loc.gov/MARC21/slim">
<record>
  <leader>01046nam0a2200229 i 450 </leader>
  <controlfield tag="001">IT\ICCU\CNCE\000451</controlfield>
  <controlfield tag="005">20101113000000.0</controlfield>
  <datafield tag="012" ind1=" " ind2=" ">
    <subfield code="a">dodo toto nono EtPu (C) 1524 (R)</subfield>
    <subfield code="2">fei</subfield>
  </datafield>
  <datafield tag="100" ind1=" " ind2=" ">
    <subfield code="a">19970101d1524        0itac0103    ba</subfield>
  </datafield>
  <datafield tag="101" ind1=" " ind2=" ">
    <subfield code="a">ITA</subfield>
  </datafield>
  <datafield tag="102" ind1=" " ind2=" ">
    <subfield code="a">IT</subfield>
  </datafield>
  <datafield tag="200" ind1="1" ind2=" ">
    <subfield code="a">Ultimo &amp; fine de tutti li libri de Orlando inamorato cosa noua &amp; mai piu stampata</subfield>
  </datafield>
  <datafield tag="210" ind1=" " ind2=" ">
    <subfield code="e">Stampato ne la inclita citta di Venetia</subfield>
    <subfield code="g">per Nicolo Zopino e Vicentio compagno</subfield>
    <subfield code="h">1524 adi X de Decembrio</subfield>
  </datafield>
  <datafield tag="215" ind1=" " ind2=" ">
    <subfield code="a">\40! c.</subfield>
    <subfield code="d">4ʻ</subfield>
  </datafield>
  <datafield tag="620" ind1=" " ind2=" ">
    <subfield code="a">IT</subfield>
    <subfield code="d">Venezia</subfield>
  </datafield>
  <datafield tag="700" ind1=" " ind2="1">
    <subfield code="a">Agostini,</subfield>
    <subfield code="b">Niccol ̣: degli</subfield>
    <subfield code="3">IT\ICCU\CNCA\000484</subfield>
  </datafield>
  <datafield tag="712" ind1="0" ind2="0">
    <subfield code="a">Zoppino, Niccol ̣&amp; Vincenzo di Paolo</subfield>
    <subfield code="3">IT\ICCU\CNCT\000070</subfield>
    <subfield code="4">650</subfield>
  </datafield>
  <datafield tag="790" ind1=" " ind2="1">
    <subfield code="a">Degli_Agostini,</subfield>
    <subfield code="b"></subfield>
    <subfield code="3">IT\ICCU\CNCA\011203</subfield>
    <subfield code="z">Agostini, Niccol ̣: degli</subfield>
  </datafield>
  <datafield tag="790" ind1=" " ind2="0">
    <subfield code="a">Nicolo</subfield>
    <subfield code="c"> : delli#Agostini</subfield>
    <subfield code="3">IT\ICCU\CNCA\011859</subfield>
    <subfield code="z">Agostini, Niccol ̣: degli</subfield>
  </datafield>
  <datafield tag="791" ind1="0" ind2="2">
    <subfield code="a">Vincenzo di Paolo</subfield>
    <subfield code="3">IT\ICCU\CNCT\000071</subfield>
    <subfield code="z">Zoppino, Niccol ̣&amp; Vincenzo di Paolo</subfield>
  </datafield>
  <datafield tag="801" ind1=" " ind2="3">
    <subfield code="a">IT</subfield>
    <subfield code="b">ICCU</subfield>
    <subfield code="c">20201113</subfield>
  </datafield>
  <datafield tag="899" ind1=" " ind2=" ">
    <subfield code="a">Archivio storico civico e Biblioteca Trivulziana. Milano</subfield>
    <subfield code="1">MI0327</subfield>
    <subfield code="2">LO1 13</subfield>
  </datafield>
</record>
</collection>
